<record xmlns="http://www.loc.gov/MARC21/slim" xmlns:xsi="http://www.w3.org/2001/XMLSchema-instance" xsi:schemaLocation="http://www.loc.gov/MARC21/slim http://www.loc.gov/standards/marcxml/schema/MARC21slim.xsd"><leader>00000ngm a22004814i 4500</leader><datafield ind1="3" ind2=" " tag="024"><subfield code="a">6430051161117</subfield></datafield><datafield ind1="4" ind2="1" tag="028"><subfield code="a">PN-0111</subfield><subfield code="b">Polonium</subfield></datafield><datafield ind1=" " ind2=" " tag="040"><subfield code="a">FI-Em</subfield><subfield code="b">fin</subfield><subfield code="e">rda</subfield></datafield><datafield ind1="1" ind2=" " tag="041"><subfield code="a">hun</subfield><subfield code="a">rus</subfield><subfield code="j">fin</subfield><subfield code="j">swe</subfield><subfield code="h">hun</subfield></datafield><datafield ind1=" " ind2=" " tag="049"><subfield code="c">K16</subfield></datafield><datafield ind1=" " ind2=" " tag="084"><subfield code="a">84.2</subfield><subfield code="2">ykl</subfield></datafield><datafield ind1=" " ind2=" " tag="091"><subfield code="a">89</subfield></datafield><datafield ind1=" " ind2=" " tag="092"><subfield code="a">84.2</subfield></datafield><datafield ind1=" " ind2=" " tag="094"><subfield code="a">84.2</subfield></datafield><datafield ind1=" " ind2=" " tag="095"><subfield code="a">1.4</subfield></datafield><datafield ind1=" " ind2=" " tag="097"><subfield code="a">84.2</subfield></datafield><datafield ind1="0" ind2=" " tag="130"><subfield code="a">Term&#233;szetes f&#233;ny (elokuva : 2021)</subfield></datafield><datafield ind1="1" ind2="0" tag="245"><subfield code="a">Natural light /</subfield><subfield code="c">Campfilm ; produced by S&#225;ra L&#225;szl&#243;, Marcell Ger&#246; ; written by D&#233;nes Nagy ; directed by D&#233;nes Nagy.</subfield></datafield><datafield ind1=" " ind2=" " tag="257"><subfield code="a">Unkari</subfield><subfield code="2">yso/fin</subfield><subfield code="0">http://www.yso.fi/onto/yso/p105029</subfield></datafield><datafield ind1=" " ind2=" " tag="257"><subfield code="a">Latvia</subfield><subfield code="2">yso/fin</subfield><subfield code="0">http://www.yso.fi/onto/yso/p94259</subfield></datafield><datafield ind1=" " ind2=" " tag="257"><subfield code="a">Ranska</subfield><subfield code="2">yso/fin</subfield><subfield code="0">http://www.yso.fi/onto/yso/p104968</subfield></datafield><datafield ind1=" " ind2=" " tag="257"><subfield code="a">Saksa</subfield><subfield code="2">yso/fin</subfield><subfield code="0">http://www.yso.fi/onto/yso/p105087</subfield></datafield><datafield ind1=" " ind2="2" tag="264"><subfield code="a">[Helsinki] :</subfield><subfield code="b">Polonium,</subfield><subfield code="c">[2023]</subfield></datafield><datafield ind1=" " ind2=" " tag="300"><subfield code="a">1 DVD-videolevy (95 min) :</subfield><subfield code="b">v&#228;rillinen, &#228;&#228;ni</subfield></datafield><datafield ind1=" " ind2=" " tag="336"><subfield code="a">kaksiulotteinen liikkuva kuva</subfield><subfield code="b">tdi</subfield><subfield code="2">rdacontent</subfield></datafield><datafield ind1=" " ind2=" " tag="337"><subfield code="a">video</subfield><subfield code="b">v</subfield><subfield code="2">rdamedia</subfield></datafield><datafield ind1=" " ind2=" " tag="338"><subfield code="a">videolevy</subfield><subfield code="b">vd</subfield><subfield code="2">rdacarrier</subfield></datafield><datafield ind1="1" ind2=" " tag="388"><subfield code="a">2020-luku</subfield><subfield code="2">yso/fin</subfield></datafield><datafield ind1="1" ind2=" " tag="506"><subfield code="a">Kielletty alle 16-vuotiailta.</subfield></datafield><datafield ind1="0" ind2=" " tag="511"><subfield code="a">P&#228;&#228;osissa: Ferenc Szab&#243;, L&#225;szl&#243; Bajk&#243;, Tam&#225;s Garbacz, Gyula Franczia.</subfield></datafield><datafield ind1=" " ind2=" " tag="534"><subfield code="p">Alun perin julkaistu:</subfield><subfield code="c">2021.</subfield></datafield><datafield ind1=" " ind2=" " tag="540"><subfield code="a">Lainausoikeus</subfield></datafield><datafield ind1=" " ind2=" " tag="546"><subfield code="a">Elokuvassa puhutut kielet: unkari, ven&#228;j&#228; ; tekstitys: suomi, ruotsi.</subfield></datafield><datafield ind1=" " ind2=" " tag="586"><subfield code="a">Berliinin elokuvajuhlat, Kultainen Karhu (paras ohjaus), 2021.</subfield></datafield><datafield ind1="0" ind2=" " tag="588"><subfield code="a">Nimeke kannesta.</subfield></datafield><datafield ind1="0" ind2=" " tag="588"><subfield code="a">Kielimerkinn&#246;t kannesta.</subfield></datafield><datafield ind1=" " ind2="7" tag="650"><subfield code="a">toinen maailmansota</subfield><subfield code="2">kauno/fin</subfield><subfield code="0">http://www.yso.fi/onto/kauno/p1560</subfield></datafield><datafield ind1=" " ind2="7" tag="650"><subfield code="a">v&#228;ijytys</subfield><subfield code="2">kauno/fin</subfield><subfield code="0">http://www.yso.fi/onto/kauno/p6024</subfield></datafield><datafield ind1=" " ind2="7" tag="650"><subfield code="a">sotilaat</subfield><subfield code="2">kauno/fin</subfield><subfield code="0">http://www.yso.fi/onto/kauno/p1522</subfield></datafield><datafield ind1=" " ind2="7" tag="650"><subfield code="a">valokuvaajat</subfield><subfield code="2">kauno/fin</subfield><subfield code="0">http://www.yso.fi/onto/kauno/p5294</subfield></datafield><datafield ind1=" " ind2="7" tag="650"><subfield code="a">unkarilaiset</subfield><subfield code="2">kauno/fin</subfield><subfield code="0">http://www.yso.fi/onto/yso/p16491</subfield></datafield><datafield ind1=" " ind2="7" tag="651"><subfield code="a">Neuvostoliitto</subfield><subfield code="2">yso/fin</subfield><subfield code="0">http://www.yso.fi/onto/yso/p94304</subfield></datafield><datafield ind1=" " ind2="7" tag="655"><subfield code="a">elokuvat</subfield><subfield code="2">slm/fin</subfield><subfield code="0">http://urn.fi/URN:NBN:fi:au:slm:s1175</subfield></datafield><datafield ind1=" " ind2="7" tag="655"><subfield code="a">sotaelokuvat</subfield><subfield code="2">slm/fin</subfield><subfield code="0">http://urn.fi/URN:NBN:fi:au:slm:s1073</subfield></datafield><datafield ind1=" " ind2="7" tag="655"><subfield code="a">draamaelokuvat</subfield><subfield code="2">slm/fin</subfield><subfield code="0">http://urn.fi/URN:NBN:fi:au:slm:s627</subfield></datafield><datafield ind1="1" ind2=" " tag="700"><subfield code="a">Nagy, D&#233;nes,</subfield><subfield code="e">ohjaaja,</subfield><subfield code="e">k&#228;sikirjoittaja.</subfield></datafield><datafield ind1="1" ind2=" " tag="700"><subfield code="i">Elokuvaversion perustana (teos):</subfield><subfield code="a">Z&#225;vada, P&#225;l.</subfield><subfield code="t">Term&#233;szetes f&#233;ny.</subfield></datafield><datafield ind1="1" ind2=" " tag="700"><subfield code="a">L&#225;szl&#243;, S&#225;ra,</subfield><subfield code="e">tuottaja.</subfield></datafield><datafield ind1="1" ind2=" " tag="700"><subfield code="a">Ger&#246;, Marcell,</subfield><subfield code="e">tuottaja.</subfield></datafield><datafield ind1="1" ind2=" " tag="700"><subfield code="a">Dobos, Tam&#225;s,</subfield><subfield code="e">kuvaaja.</subfield></datafield><datafield ind1="1" ind2=" " tag="700"><subfield code="a">Ratniece, Santa,</subfield><subfield code="e">s&#228;velt&#228;j&#228;.</subfield></datafield><datafield ind1="1" ind2=" " tag="700"><subfield code="a">Szab&#243;, Ferenc,</subfield><subfield code="e">n&#228;yttelij&#228;.</subfield></datafield><datafield ind1="1" ind2=" " tag="700"><subfield code="a">Bajk&#243;, L&#225;szl&#243;,</subfield><subfield code="e">n&#228;yttelij&#228;.</subfield></datafield><datafield ind1="0" ind2=" " tag="700"><subfield code="a">Garbacz, Tam&#225;s,</subfield><subfield code="e">n&#228;yttelij&#228;.</subfield></datafield><datafield ind1="1" ind2=" " tag="700"><subfield code="a">Franczia, Gyula,</subfield><subfield code="e">n&#228;yttelij&#228;.</subfield></datafield><datafield ind1="2" ind2=" " tag="710"><subfield code="a">Campfilm,</subfield><subfield code="e">tuotantoyhti&#246;.</subfield></datafield><datafield ind1=" " ind2=" " tag="852"><subfield code="x">Helsingin luokanmuutos 27.4.2026</subfield></datafield></record>